<?xml version="1.0" encoding="UTF-8"?><record xmlns="http://www.loc.gov/MARC21/slim" xmlns:cinclude="http://apache.org/cocoon/include/1.0" xmlns:zs="http://www.loc.gov/zing/srw/">
  <leader>01700nz  a2200265n  4500</leader>
  <controlfield tag="001">no2013121323</controlfield>
  <controlfield tag="003">DLC</controlfield>
  <controlfield tag="005">20131102073512.0</controlfield>
  <controlfield tag="008">131101n| azannaabn          |a ana     c</controlfield>
  <datafield tag="010" ind1=" " ind2=" ">
    <subfield code="a">no2013121323</subfield>
  </datafield>
  <datafield tag="035" ind1=" " ind2=" ">
    <subfield code="a">(OCoLC)oca09604672</subfield>
  </datafield>
  <datafield tag="040" ind1=" " ind2=" ">
    <subfield code="a">FJUNF</subfield>
    <subfield code="b">eng</subfield>
    <subfield code="e">rda</subfield>
    <subfield code="c">FJUNF</subfield>
  </datafield>
  <datafield tag="046" ind1=" " ind2=" ">
    <subfield code="s">1984</subfield>
  </datafield>
  <datafield tag="110" ind1="2" ind2=" ">
    <subfield code="a">University of North Florida.</subfield>
    <subfield code="b">Department of Economics and Geography</subfield>
  </datafield>
  <datafield tag="410" ind1="2" ind2=" ">
    <subfield code="a">University of North Florida.</subfield>
    <subfield code="b">Department of Economics &amp; Geography</subfield>
  </datafield>
  <datafield tag="410" ind1="2" ind2=" ">
    <subfield code="a">University of North Florida.</subfield>
    <subfield code="b">Economics and Geography</subfield>
  </datafield>
  <datafield tag="410" ind1="2" ind2=" ">
    <subfield code="a">University of North Florida.</subfield>
    <subfield code="b">Economics &amp; Geography</subfield>
  </datafield>
  <datafield tag="410" ind1="2" ind2=" ">
    <subfield code="a">University of North Florida.</subfield>
    <subfield code="b">Coggin College of Business.</subfield>
    <subfield code="b">Department of Economics and Geography</subfield>
  </datafield>
  <datafield tag="410" ind1="2" ind2=" ">
    <subfield code="a">University of North Florida.</subfield>
    <subfield code="b">Coggin College of Business.</subfield>
    <subfield code="b">Department of Economics &amp; Geography</subfield>
  </datafield>
  <datafield tag="510" ind1="2" ind2=" ">
    <subfield code="w">r</subfield>
    <subfield code="i">Hierarchical superior:</subfield>
    <subfield code="a">University of North Florida.</subfield>
    <subfield code="b">Coggin College of Business</subfield>
  </datafield>
  <datafield tag="510" ind1="2" ind2=" ">
    <subfield code="w">r</subfield>
    <subfield code="i">Predecessor:</subfield>
    <subfield code="a">University of North Florida.</subfield>
    <subfield code="b">Department of Economics</subfield>
  </datafield>
  <datafield tag="670" ind1=" " ind2=" ">
    <subfield code="a">UNF Coggin College of Business website, viewed November 1, 2013</subfield>
    <subfield code="b">(Economics and Geography; Economics &amp; Geography)</subfield>
    <subfield code="u">http://www.unf.edu/coggin/economics/</subfield>
  </datafield>
  <datafield tag="670" ind1=" " ind2=" ">
    <subfield code="a">University of North Florida Undergraduate Catalog 2003-2004, viewed on November 1, 2013:</subfield>
    <subfield code="b">p. iv (Coggin College of Business, Department of Economics and Geography)</subfield>
  </datafield>
  <datafield tag="670" ind1=" " ind2=" ">
    <subfield code="a">University of North Florida Undergraduate Catalogs 1984-2003, viewed on November 1, 2013:</subfield>
    <subfield code="b">p. iv (College of Business Administration, Department of Economics and Geography)</subfield>
  </datafield>
  <datafield tag="670" ind1=" " ind2=" ">
    <subfield code="a">University of North Florida Undergraduate Catalogs 1981-1984, viewed on November 1, 2013:</subfield>
    <subfield code="b">p. iv (College of Business Administration, Department of Economics)</subfield>
  </datafield>
</record>